
@COMMENT Papers
@MISC{soft-that-lasts,
	author = {Judith Bishop and Nigel Horspool},
	title = {Cross-Platform Development: Software that Lasts},
	publisher = {IEEE Computer Society},
	year = {2006},
	month = {October},
}

@MISC{ds-phases,
	author = {Yunus Yusoff, Roslan Ismail and Zainuddin Hassa},
	title = {Common phases of computer forensics investigation models},
	publisher = {International Journal of Computer Science & Information Technology},
	year = {2011},
	month = {June}
}

@MISC{mvc-past-present,
	author = {T. Reenskaug},
	title = {The Model-View-Controller (MVC) - Its Past and Present},
	year = {2011},
	month = {June}
}

@COMMENT Books
@BOOK{vasil-dfs,
	author = {Vassil Roussev},
	publisher = {Morgan - cLaypool publishers},
	editor =  {Elisa Bertino and Ravi Sandhu},
	title = {Digital Forensic Science - Issues, Methods, and Challenges},
	year = {2007},
}
@BOOK{code-complete,
	author = {Steve McConnell},
	publisher = {Jenson Books Inc},
	editor =  {MICROSOFT PRESS},
	title = {Digital Forensic Science - Issues, Methods, and Challenges},
	year = {1995},
}

@BOOK{java-8-specs,
	author = {{ J. Gosling, B. Joy, G. Steele, G. Bracha and A. Buckle }},
	publisher = {Oracle America},
	title = {The JavaÂ® Language Specification - Java SE 8 Edition},
	year = {2015},
}

@COMMENT Conferences
@CONFERENCE{DFRWS-df-road-map,
	author = {Collective work of all DFRWS attendees},
	title = {Road Map for Digital Forensic Research},
	booktitle = {A Framework for Digital Forensic Science}, 
	year = {2001},
}

@INPROCEEDINGS{An93pythonfor,
	author = {Ss Um An and Guido Van Rossum},
	title = {Python for Unix/C Programmers Copyright 1993 Guido van Rossum 1},
	booktitle = {Proc. of the NLUUG najaarsconferentie. Dutch UNIX users group},
	year = {1993}
}


@COMMENT Webpages
@MISC{encase-web,
	title = {EnCase Forensic},
	howpublished = {\url{https://www.guidancesoftware.com/encase-forensic}},
	note = {Accessed: 11-10-2017},
}

@MISC{22-cf-tools,
	title = {22 Popular Computer Forensics Tools},
	howpublished = {\url{http://resources.infosecinstitute.com/computer-forensics-tools/#gref}},
	note = {Accessed: 11-10-2017},
	year = {2017},

}

@MISC{tsk-web,
	title = {The Sleuth Kit},
	howpublished = {\url{http://www.sleuthkit.org/}},
	note = {Accessed: 11-10-2017},
}

@MISC{qt-web,
	title = {Qt Framework},
	howpublished = {\url{http://www.qt.io/what-is-qt/}},
	note = {Accessed: 12-10-2017},
}

@MISC{py-web,
	title = {Welcome to Python.org},
	howpublished = {\url{https://www.python.org/}},
	note = {Accessed: 21-10-2017},
}

@MISC{js-wiki,
	title = {JavaScript - Wikipedia},
	howpublished = {\url{https://en.wikipedia.org/wiki/JavaScript}},
	note = {Accessed: 21-10-2017},
}

@MISC{what-is-java,
	title = {What is Java},
	howpublished = {\url{https://www.java.com/en/download/faq/whatis_java.xml}},
	note = {Accessed: 21-10-2017},
}
@MISC{qt-hello-world,
	title = {Qt Tutorial - Chapter 1: Hello, World!},
	howpublished = {\url{https://doc.qt.io/archives/3.3/tutorial1-01.html}},
	note = {Accessed: 12-10-2017},

}

@MISC{kivy-hello-world,
	title = {Kivy: Cross-platform Python framework},
	howpublished = {\url{https://kivy.org/#home}},
	note = {Accessed: 13-10-2017},
}

@MISC{nodejs-web,
	title = {Node.js},
	howpublished = {\url{https://nodejs.org/en/}},
	note = {Accessed: 22-10-2017},
}

@MISC{securing-your-browser,
	title = {Securing your web browser},
	howpublished = {\url{https://www.us-cert.gov/publications/securing-your-web-browser}},
	note = {Accessed: 22-10-2017},

}

@MISC{electron-web,
	title = {Electron web page},
	howpublished = {\url{https://electron.atom.io/}},
	note = {Accessed: 13-10-2017},
}

@MISC{nwjs-web,
	title = {NW.js web page},
	howpublished = {\url{https://nwjs.io/}},
	note = {Accessed: 13-10-2017},
}

@MISC{what-is-haxe,
	title = {What is haxe},
	howpublished = {\url{https://haxe.org/manual/introduction-what-is-haxe.html}},
	note = {Accessed: 13-10-2017},
}

@MISC{tsk-tools-wiki,
	title = {TSK Tool Overview - SleuthKitWiki},
	howpublished = {\url{https://wiki.sleuthkit.org/index.php?title=TSK_Tool_Overview}},
	note = {Accessed: 19-10-2017},
	
}

@MISC{typescript-web,
	title = {TypeScript - JavaScript that scales},
	howpublished = {\url{https://www.typescriptlang.org/}},
	note = {Accessed: 14-10-2017},
}

@MISC{gulp-web,
	title = {Gulp.js},
	howpublished = {\url{https://gulpjs.com}},
	note = {Accessed: 14-10-2017},
	
}

@MISC{kiss-wiki,
	title = {Wikipedia - Kiss Principle},
	howpublished = {\url{https://en.wikipedia.org/wiki/KISS_principle}},
	note = {Accessed: 15-10-2017},
	
}

@MISC{mvc-wiki,
	title = {Wikipedia - MVC},
	howpublished = {\url{https://en.wikipedia.org/wiki/Model-view-controller}},
	note = {Accessed: 15-10-2017},
	
}

@MISC{flux-web,
	title = {Flux - Application architecture},
	howpublished = {\url{https://facebook.github.io/flux/}},
	note = {Accessed: 15-10-2017},
}

@MISC{react-web,
	title = {React},
	howpublished = {\url{https://reactjs.org/}},
	note = {Accessed: 15-10-2017},
}

@MISC{redux-principles,
	title = {Redux - Three principles},
	howpublished = {\url{http://redux.js.org/docs/introduction/ThreePrinciples.html}},
	note = {Accessed: 15-10-2017},
}

@MISC{redux-prior-art,
	title = {Redux - Prior art},
	howpublished = {\url{http://redux.js.org/docs/introduction/PriorArt.html}},
	note = {Accessed: 15-10-2017},
}

@MISC{node-gyp-github,
	title = {Redux - Prior art},
	howpublished = {\url{https://github.com/nodejs/node-gyp}},
	note = {Accessed: 21-10-2017},
}

@MISC{google-materials-web,
	title = {Color - Style - Material Design},
	howpublished = {\url{https://material.io/guidelines/style/color.html}},
	note = {Accessed: 21-10-2017},
}

@MISC{programming-practices,
	title = {Programming practices},
	howpublished = {\url{https://softwareengineering.stackexchange.com/questions/66523/how-many-lines-per-class-is-too-many-in-java}},
	note = {Accessed: 24-10-2017},
}

