
@comment Papers
@misc{soft-that-lasts,
	author = {Judith Bishop and Nigel Horspool},
	title = {Cross-Platform Development: Software that Lasts},
	publisher = {IEEE Computer Society},
	year = {2006},
	month = {October},
}


@comment Books
@book{vasil-dfs,
	author = {Vassil Roussev},
	publisher = {Morgan - cLaypool publishers},
	editor =  {Elisa Bertino and Ravi Sandhu},
	title = {Digital Forensic Science - Issues, Methods, and Challenges},
	year = {2007},
}


@conference{DFRWS-df-road-map,
	author = {Digital Forensics Research Workshop},
	title = {Digital forensics research conference},
	booktitle = {A Road Map for Digital Forensic Research}, 
	year = {2001},
}

